<record><leader>00000cas a22000007a 4500</leader><controlfield tag="001">12494466</controlfield><controlfield tag="008">850905d19611964wiuwr ne      0    0eng d</controlfield><datafield ind1=" " ind2=" " tag="010"><subfield code="a">sn 85040976 </subfield></datafield><datafield ind1=" " ind2=" " tag="040"><subfield code="a">NPV</subfield><subfield code="b">eng</subfield><subfield code="c">NPV</subfield><subfield code="d">OCLCQ</subfield></datafield><datafield ind1=" " ind2=" " tag="042"><subfield code="a">msc</subfield></datafield><datafield ind1=" " ind2=" " tag="045"><subfield code="a">x6x6</subfield></datafield><datafield ind1=" " ind2=" " tag="052"><subfield code="a">4123</subfield><subfield code="b">L2</subfield></datafield><datafield ind1="0" ind2="0" tag="245"><subfield code="a">Onalaska record.</subfield></datafield><datafield ind1="1" ind2="3" tag="246"><subfield code="a">La Crosse County record and Holmen times</subfield></datafield><datafield ind1="1" ind2="3" tag="246"><subfield code="a">La Crosse County record and the Holmen times</subfield></datafield><datafield ind1="1" ind2="3" tag="246"><subfield code="a">Record-times</subfield></datafield><datafield ind1="1" ind2="3" tag="246"><subfield code="a">Holmen times</subfield></datafield><datafield ind1=" " ind2=" " tag="260"><subfield code="a">Onalaska, Wis. :</subfield><subfield code="b">E.B. Lund,</subfield><subfield code="c">1961-1964.</subfield></datafield><datafield ind1=" " ind2=" " tag="300"><subfield code="a">6 v. :</subfield><subfield code="b">ill.</subfield></datafield><datafield ind1=" " ind2=" " tag="310"><subfield code="a">Weekly</subfield></datafield><datafield ind1="0" ind2=" " tag="362"><subfield code="a">Vol. 13, no. 20 (May 4, 1961)-v. 16, no. 20 (May 3, 1962) = v. 75, no. 30-v. 76, no. 30; v. 26, no. 21 (May 10, 1962)-v. 28, no. 3 (Jan. 16, 1964) = v. 76, no. 31-v. 78, no. 13.</subfield></datafield><datafield ind1=" " ind2=" " tag="500"><subfield code="a">Added masthead for: Holmen times.</subfield></datafield><datafield ind1=" " ind2=" " tag="500"><subfield code="a">Editor: E.B. Lund.</subfield></datafield><datafield ind1=" " ind2=" " tag="530"><subfield code="a">Available on microfilm from The State Historical Society of Wisconsin.</subfield></datafield><datafield ind1=" " ind2=" " tag="752"><subfield code="a">United States</subfield><subfield code="b">Wisconsin</subfield><subfield code="c">La Crosse</subfield><subfield code="d">Onalaska.</subfield></datafield><datafield ind1=" " ind2=" " tag="752"><subfield code="a">United States</subfield><subfield code="b">Wisconsin</subfield><subfield code="c">La Crosse</subfield><subfield code="d">Holmen.</subfield></datafield><datafield ind1="0" ind2="0" tag="780"><subfield code="t">Record-times (Onalaska, Wis. : 1952)</subfield><subfield code="w">(DLC)sn 85040977</subfield></datafield><datafield ind1="0" ind2="0" tag="785"><subfield code="t">Record-times (Onalaska, Wis. : 1964)</subfield><subfield code="w">(DLC)sn 85040975</subfield></datafield><datafield ind1="1" ind2=" " tag="029"><subfield code="a">AU@</subfield><subfield code="b">000025808251</subfield></datafield></record>